@Book{jaroslav08,
	author = {Jaroslav Tulach},
	Hyphenation  = {english},
	title = {Practical API Design: Confessions of a Java Framework Architect},
	publisher = {Apress},
	year = {2008}
},

@conference{mda04,
	author = {Robin Hunicke, Marc LeBlanc, Robert Zubek},
	Hyphenation  = {english},
	title = {MDA: A Formal Approach to Game Design and Game Research},
	year = {2004},	
	address = {Game Design and Tuning Workshop at the Game Developers Conference}
},

@Book{sanja14,
	author = {Sanjay Madhav},
	Hyphenation  = {english},
	title = {Game Programming Algorithms and Techniques},
	year = {2014},
	publisher = {Addison-Wesley}
},

@Book{networkthomson,
	author = {Guy W. Lecky-Thompson},
	Hyphenation  = {english},
	title = {Fundamentals of Network Game Development},
	year = {2009},
	publisher = {Course Technology}
},

@book{McShaffry:2012:GCC:2544037,
	author = {McShaffry, Mike and Graham, David},
	title = {Game Coding Complete},
	year = {2012},
	isbn = {1133776574, 9781133776574},
	edition = {4th},
	publisher = {Delmar Learning},
}, 

@book{Gamma:1995:DPE:186897,
	author = {Gamma, Erich and Helm, Richard and Johnson, Ralph and Vlissides, John},
	title = {Design Patterns: Elements of Reusable Object-oriented Software},
	year = {1995},
	isbn = {0-201-63361-2},
	publisher = {Addison-Wesley Longman Publishing Co., Inc.},
	address = {Boston, MA, USA},
}, 

@book{Sousa:2002:GPO:580160,
	author = {Jonathan S. Harbour},
	title = {Game Programming All in One},
	year = {2007},
	publisher = {Thomson Course Technology},
}, 

@book{Sousa:2002:GPO:580160,
	author = {Tom Miller, Dean Johnson},
	title = {XNA Game Studio 4.0 Programming},
	year = {2011},
	publisher = {Addison-Wesley},
},

@book{Erl:2005:SAC:1088876,
	author = {Erl, Thomas},
	title = {Service-Oriented Architecture: Concepts, Technology, and Design},
	year = {2005},
	isbn = {0131858580},
	publisher = {Prentice Hall PTR},
	address = {Upper Saddle River, NJ, USA},
},

@book{Petricek:2009:RWF:1823105,
	author = {Petricek, Tomas and Skeet, Jon},
	title = {Real World Functional Programming: With Examples in F\# and C\#},
	year = {2009},
	isbn = {1933988924, 9781933988924},
	edition = {1st},
	publisher = {Manning Publications Co.},
	address = {Greenwich, CT, USA},
}, 

@article{gill1962introduction,
	title={Introduction to the theory of finite-state machines},
	author={Gill, Arthur and others},
	year={1962},
	publisher={McGraw-Hill}
},

@article{champandard2007understanding,
	title={Understanding behavior trees},
	author={Champandard, Alex},
	journal={AiGameDev. com},
	volume={6},
	year={2007}
}

@electronic{citeulike:13049596,
	author = {Nystrom, Bob},
	citeulike-article-id = {13049596},
	citeulike-linkout-0 = {http://gameprogrammingpatterns.com/index.html},
	howpublished = {Online},
	keywords = {game, patterns},
	posted-at = {2014-02-14 10:59:43},
	priority = {0},
	title = {{Game Programming Patterns}},
	url = {http://gameprogrammingpatterns.com/index.html}
},

@book{realtime_collision04,
	author = {Ericson, Christer},
	title = {Real-Time Collision Detection},
	year = {2004},
	isbn = {1558607323, 9781558607323},
	publisher = {CRC Press, Inc.},
	address = {Boca Raton, FL, USA},
},

@book{Erl:2009:SDP:1538586,
	author = {Erl, Thomas},
	title = {SOA Design Patterns},
	year = {2009},
	isbn = {0136135161, 9780136135166},
	edition = {1st},
	publisher = {Prentice Hall PTR},
	address = {Upper Saddle River, NJ, USA},
},


@book{gregory2009game,
	title={Game Engine Architecture},
	author={Gregory, J.},
	isbn={9781568814131},
	lccn={2009013092},
	series={Ak Peters Series},
	url={https://books.google.gr/books?id=LJ20tsePKk4C},
	year={2009},
	publisher={Taylor \& Francis}
},

@Book{sanja14,
	author = {Sanjay Madhav},
	Hyphenation  = {english},
	title = {Game Programming Algorithms and Techniques},
	year = {2014},
	publisher = {Addison-Wesley}
},

@book{suits2005grasshopper,
	title={The Grasshopper: Games, Life and Utopia},
	author={Suits, B. and Hurka, T.},
	isbn={9781551117720},
	lccn={2006278985},
	series={Broadview encore editions},
	url={https://books.google.com.cy/books?id=1LmESO3NBuoC},
	year={2005},
	publisher={Broadview Press}
}

@book{fullerton2008game,
	title={Game Design Workshop: A Playcentric Approach to Creating Innovative Games},
	author={Fullerton, T.},
	isbn={9780240809748},
	lccn={2007040857},
	url={https://books.google.ca/books?id=OjIYWtqWxtAC},
	year={2008},
	publisher={Taylor \& Francis}
}

@Book{koster04,
	author = {Raph Koster},
	Hyphenation  = {english},
	title = {A Theory of Fun for Game Design},
	publisher = {Paraglyph Press},
	year = {2004}
},

@online{opengleslimitations,
	title = {OpenGL ES Application Development Guide for the Mali GPU},
	year = {2007-2009},
	author = {ARM}
	url = {http://infocenter.arm.com/help/index.jsp?topic=/com.arm.doc.dui0363d/CHDIEFAC.html}
}
