@Book{jaroslav08,
author = {Jaroslav Tulach},
Hyphenation  = {english},
title = {Practical API Design: Confessions of a Java Framework Architect},
publisher = {Apress},
year = {2008}
}

@conference{mda04,
author = {Robin Hunicke, Marc LeBlanc, Robert Zubek},
Hyphenation  = {english},
title = {MDA: A Formal Approach to Game Design and Game Research},
year = {2004},	
address = {Game Design and Tuning Workshop at the Game Developers Conference}
}